<collection xmlns="http://www.loc.gov/MARC21/slim">
<record>
  <leader>02296nam0a2200409 i 450 </leader>
  <controlfield tag="001">IT\ICCU\CNCE\050448</controlfield>
  <controlfield tag="005">20111028000000.0</controlfield>
  <datafield tag="012" ind1=" " ind2=" ">
    <subfield code="a">hora i-y. n-i? reti (C) 1521 (A)</subfield>
    <subfield code="2">fei</subfield>
  </datafield>
  <datafield tag="100" ind1=" " ind2=" ">
    <subfield code="a">20000120d1521        0itac0103    ba</subfield>
  </datafield>
  <datafield tag="101" ind1=" " ind2=" ">
    <subfield code="a">ITA</subfield>
  </datafield>
  <datafield tag="102" ind1=" " ind2=" ">
    <subfield code="a">IT</subfield>
  </datafield>
  <datafield tag="200" ind1="1" ind2=" ">
    <subfield code="a">Commedia elegantissima in prosa nuouamente composta per messer Bernardo da Bibiena. Intitulata Calandria</subfield>
  </datafield>
  <datafield tag="210" ind1=" " ind2=" ">
    <subfield code="e">Stampata in la magnifica cipta di Siena</subfield>
    <subfield code="g">per Michelangelo di Bart. fiorentino</subfield>
    <subfield code="g">ad instantia di maestro Giouanni di Alixandro libraro</subfield>
    <subfield code="h">adi XXIX dAprile 1521</subfield>
  </datafield>
  <datafield tag="215" ind1=" " ind2=" ">
    <subfield code="a">\40! c.</subfield>
    <subfield code="d">8ʻ</subfield>
  </datafield>
  <datafield tag="620" ind1=" " ind2=" ">
    <subfield code="a">IT</subfield>
    <subfield code="d">Siena</subfield>
  </datafield>
  <datafield tag="700" ind1=" " ind2="1">
    <subfield code="a">Dovizi,</subfield>
    <subfield code="b">Bernardo</subfield>
    <subfield code="3">IT\ICCU\CNCA\004926</subfield>
  </datafield>
  <datafield tag="712" ind1="0" ind2="0">
    <subfield code="a">Libri, Michelangelo de&apos;</subfield>
    <subfield code="3">IT\ICCU\CNCT\002873</subfield>
    <subfield code="4">650</subfield>
  </datafield>
  <datafield tag="712" ind1="0" ind2="0">
    <subfield code="a">Landi, Giovanni</subfield>
    <subfield code="3">IT\ICCU\CNCT\000325</subfield>
    <subfield code="4">650</subfield>
  </datafield>
  <datafield tag="790" ind1=" " ind2="0">
    <subfield code="a">℗Il ℗Bibbiena</subfield>
    <subfield code="3">IT\ICCU\CNCA\004927</subfield>
    <subfield code="z">Dovizi, Bernardo</subfield>
  </datafield>
  <datafield tag="790" ind1=" " ind2="1">
    <subfield code="a">Divizio,</subfield>
    <subfield code="b">Bernardo</subfield>
    <subfield code="3">IT\ICCU\CNCA\004928</subfield>
    <subfield code="z">Dovizi, Bernardo</subfield>
  </datafield>
  <datafield tag="791" ind1="0" ind2="2">
    <subfield code="a">Michelangelo di Bartolomeo</subfield>
    <subfield code="3">IT\ICCU\CNCT\000324</subfield>
    <subfield code="z">Libri, Michelangelo de&apos;</subfield>
  </datafield>
  <datafield tag="791" ind1="0" ind2="2">
    <subfield code="a">M. di B. F.</subfield>
    <subfield code="3">IT\ICCU\CNCT\002369</subfield>
    <subfield code="z">Libri, Michelangelo de&apos;</subfield>
  </datafield>
  <datafield tag="791" ind1="0" ind2="2">
    <subfield code="a">M. di Bart. F.</subfield>
    <subfield code="3">IT\ICCU\CNCT\002370</subfield>
    <subfield code="z">Libri, Michelangelo de&apos;</subfield>
  </datafield>
  <datafield tag="791" ind1="0" ind2="0">
    <subfield code="a">Bartolomeo, Michele Angelo di</subfield>
    <subfield code="3">IT\ICCU\CNCT\002371</subfield>
    <subfield code="z">Libri, Michelangelo de&apos;</subfield>
  </datafield>
  <datafield tag="791" ind1="0" ind2="2">
    <subfield code="a">Michelangelo de&apos; Libri</subfield>
    <subfield code="3">IT\ICCU\CNCT\002372</subfield>
    <subfield code="z">Libri, Michelangelo de&apos;</subfield>
  </datafield>
  <datafield tag="791" ind1="0" ind2="2">
    <subfield code="a">Michelagnolo di Bart. di F.</subfield>
    <subfield code="3">IT\ICCU\CNCT\003276</subfield>
    <subfield code="z">Libri, Michelangelo de&apos;</subfield>
  </datafield>
  <datafield tag="791" ind1="0" ind2="2">
    <subfield code="a">Michael Angelus Bartholomei</subfield>
    <subfield code="3">IT\ICCU\CNCT\004961</subfield>
    <subfield code="z">Libri, Michelangelo de&apos;</subfield>
  </datafield>
  <datafield tag="791" ind1="0" ind2="2">
    <subfield code="a">Giovanni di Alexandro</subfield>
    <subfield code="3">IT\ICCU\CNCT\002718</subfield>
    <subfield code="z">Landi, Giovanni</subfield>
  </datafield>
  <datafield tag="791" ind1="0" ind2="2">
    <subfield code="a">G. di A. L.</subfield>
    <subfield code="3">IT\ICCU\CNCT\002892</subfield>
    <subfield code="z">Landi, Giovanni</subfield>
  </datafield>
  <datafield tag="791" ind1="0" ind2="2">
    <subfield code="a">Giovanni di A. L.</subfield>
    <subfield code="3">IT\ICCU\CNCT\002893</subfield>
    <subfield code="z">Landi, Giovanni</subfield>
  </datafield>
  <datafield tag="791" ind1="0" ind2="2">
    <subfield code="a">Ioannes Alexandri</subfield>
    <subfield code="3">IT\ICCU\CNCT\004896</subfield>
    <subfield code="z">Landi, Giovanni</subfield>
  </datafield>
  <datafield tag="801" ind1=" " ind2="3">
    <subfield code="a">IT</subfield>
    <subfield code="b">ICCU</subfield>
    <subfield code="c">20201115</subfield>
  </datafield>
  <datafield tag="899" ind1=" " ind2=" ">
    <subfield code="a">Biblioteca Apostolica Vaticana. Citt ̉del Vaticano</subfield>
    <subfield code="1">EX0001</subfield>
    <subfield code="2">ZCV 01</subfield>
  </datafield>
  <datafield tag="899" ind1=" " ind2=" ">
    <subfield code="a">Biblioteca nazionale centrale. Firenze</subfield>
    <subfield code="1">FI0098</subfield>
    <subfield code="2">CFI CF</subfield>
  </datafield>
  <datafield tag="899" ind1=" " ind2=" ">
    <subfield code="a">Biblioteca Palatina. Parma</subfield>
    <subfield code="1">PR0072</subfield>
    <subfield code="2">PAR PA</subfield>
  </datafield>
  <datafield tag="911" ind1=" " ind2=" ">
    <subfield code="a">Nel coloph.</subfield>
    <subfield code="9">IT\ICCU\CNCM\000985</subfield>
  </datafield>
  <datafield tag="921" ind1=" " ind2=" ">
    <subfield code="a">IT\ICCU\CNCM\000985</subfield>
    <subfield code="b">Monte a tre cime in scudo, sormontato da un uccello coronato e sorretto da due putti alati. In basso le iniziali G.L.</subfield>
    <subfield code="c">U66</subfield>
    <subfield code="d">Dimensioni: 8,5 x 5,5</subfield>
    <subfield code="f">MONTE</subfield>
    <subfield code="f">PUTTI</subfield>
    <subfield code="f">AL</subfield>
    <subfield code="g">1521-1526</subfield>
  </datafield>
</record>
</collection>
